%% This BibTeX bibliography file was created using BibDesk.
%% http://bibdesk.sourceforge.net/


%% Created for Yaroslav Nechaev at 2014-05-31 18:48:14 +0400 


%% Saved with string encoding Unicode (UTF-8) 



@book{10,
	Author = {Christopher D. Manning, Hinrich Sch{\"u}tze},
	Date-Added = {2014-05-31 14:47:36 +0000},
	Date-Modified = {2014-05-31 14:48:14 +0000},
	Publisher = {The MIT Press},
	Title = {Foundations of Statistical Natural Language Processing},
	Year = {1999}}

@misc{9,
	Author = {Wikipedia},
	Date-Added = {2014-05-31 14:46:02 +0000},
	Date-Modified = {2014-05-31 14:46:19 +0000},
	Title = {Contingency table},
	Url = {http://en.wikipedia.org/wiki/Contingency_table},
	Year = {2014},
	Bdsk-Url-1 = {http://en.wikipedia.org/wiki/Contingency_table}}

@misc{8,
	Author = {Wikipedia},
	Date-Added = {2014-05-31 14:44:18 +0000},
	Date-Modified = {2014-05-31 14:44:30 +0000},
	Title = {Pearson's chi-squared test},
	Url = {http://en.wikipedia.org/wiki/Pearson%27s_chi-squared_test},
	Year = {2014},
	Bdsk-Url-1 = {http://en.wikipedia.org/wiki/Pearson%27s_chi-squared_test}}

@misc{7,
	Author = {Wikipedia},
	Date-Added = {2014-05-31 14:42:43 +0000},
	Date-Modified = {2014-05-31 14:43:09 +0000},
	Title = {Pointwise mutual information},
	Url = {http://en.wikipedia.org/wiki/Pointwise_mutual_information},
	Year = {2014},
	Bdsk-Url-1 = {http://en.wikipedia.org/wiki/Pointwise_mutual_information}}

@article{6,
	Author = {Hanchuan Peng, Chris Ding},
	Date-Added = {2014-05-31 14:39:33 +0000},
	Date-Modified = {2014-05-31 14:40:13 +0000},
	Journal = {Journal of Bioinformatics and Computational Biology},
	Title = {Minimum redundancy feature selection from microarray gene expression data},
	Year = {2005}}

@article{5,
	Author = {Zheng Zhao, Fred Morstatter, Shashvata Sharma, Salem Alelyani, Aneeth Anand, Huan Liu},
	Date-Added = {2014-05-31 14:37:59 +0000},
	Date-Modified = {2014-05-31 14:38:41 +0000},
	Title = {ASU Feature Selection Repository}}

@article{4,
	Author = {Yi-Wei Chen, Chih-Jen Lin},
	Date-Added = {2014-05-31 14:36:24 +0000},
	Date-Modified = {2014-05-31 14:37:30 +0000},
	Title = {Combining SVMs with Various Feature Selection Strategies}}

@misc{3,
	Date-Added = {2014-05-31 14:35:14 +0000},
	Date-Modified = {2014-05-31 14:36:17 +0000},
	Title = {Feature Selection Toolbox 3},
	Url = {http://fst.utia.cz/},
	Year = {2014},
	Bdsk-Url-1 = {http://fst.utia.cz/}}

@article{2,
	Author = {Mark Hall, Eibe Frank, Geoffrey Holmes, Bernhard Pfahringer, Peter Reutemann, Ian H. Witten},
	Date-Added = {2014-05-31 14:32:36 +0000},
	Date-Modified = {2014-05-31 14:33:24 +0000},
	Journal = {SIGKDD Explorations},
	Number = {1},
	Title = {The WEKA Data Mining Software: An Update},
	Volume = {11},
	Year = {2009}}

@misc{1,
	Author = {Wikipedia},
	Title = {Feature selection},
	Url = {http://en.wikipedia.org/wiki/Feature_selection},
	Year = {2014},
	Bdsk-Url-1 = {http://en.wikipedia.org/wiki/Feature_selection}}
